<?xml version="1.0" encoding="UTF-8"?><collection xmlns="http://www.loc.gov/MARC21/slim"><record><leader>00518nam--2200193-i-4500</leader><controlfield tag="001">000034600</controlfield><controlfield tag="002">20161230</controlfield><controlfield tag="005">20161230201040</controlfield><controlfield tag="008">060222s1000------------r-----000-0-eng-d</controlfield><datafield ind1=" " ind2=" " tag="040"><subfield code="a">IFIN-HH</subfield></datafield><datafield ind1=" " ind2=" " tag="080"><subfield code="a">53</subfield></datafield><datafield ind1="1" ind2=" " tag="100"><subfield code="a">Hughes, Donald J</subfield></datafield><datafield ind1="1" ind2="0" tag="245"><subfield code="a">Neutron cross sections. bnl 325</subfield><subfield code="c">Donald j. hughes, robert b. schwartz</subfield></datafield><datafield ind1=" " ind2=" " tag="250"><subfield code="a">Second Edition</subfield></datafield><datafield ind1=" " ind2=" " tag="260"><subfield code="a">Washington, D.C</subfield><subfield code="b">Sigma Center</subfield><subfield code="c">1958</subfield></datafield><datafield ind1=" " ind2=" " tag="300"><subfield code="a">372P</subfield></datafield><datafield ind1="1" ind2=" " tag="700"><subfield code="a">Schwartz, Robert B</subfield></datafield><datafield ind1=" " ind2=" " tag="852"><subfield code="a">13512</subfield><subfield code="c">53.081</subfield></datafield><datafield ind1=" " ind2=" " tag="CAT"><subfield code="a">Sys</subfield><subfield code="c">20151113</subfield><subfield code="h">104951</subfield></datafield></record></collection>